% This file was created with JabRef 2.10b2.
% Encoding: UTF8

@misc{Alsadeh1252015,
  author = {Ahmad Alsadeh},
  journal = {RIPE NCC},
  title = {Augmented SEND},
  subtitle = {Aligning Security, Privacy, and Usability},
  medium = {online},
  accessed = {2019-11-02},
  URL = {https://ripe70.ripe.net/presentations/67-RIPE70-SEND.pdf},
}

@misc{Podermanski1222015,
  author = {Tomáš Podermański and Matěj Grégr},
  journal = {ROOT.CZ},
  title = {Bezpečné IPv6: zkrocení zlých směrovačů},
  medium = {online},
  accessed = {2019-11-02},
  URL = {https://www.root.cz/clanky/bezpecne-ipv6-zkroceni-zlych-smerovacu/},
}

@misc{Khandelwal2016,
  author = {Manjul Khandelwal},
  journal = {SANOG},
  title = {OSPF Security: Attacks and Defenses},
  medium = {online},
  accessed = {2019-11-04},
  URL = {https://www.sanog.org/resources/sanog28/SANOG28-Tutorial_OSPF-Security-Attacks-and-Defences-Manjul.pdf},
}

@misc{Podermanski1932015,
  author = {Tomáš Podermański and Matěj Grégr},
  journal = {ROOT.CZ},
  title = {Bezpečné IPv6: když dojde keš – obrana},
  medium = {online},
  accessed = {2019-11-02},
  URL = {https://www.root.cz/clanky/bezpecne-ipv6-kdyz-dojde-kes-obrana/},
}

@misc{Podermanski1232015,
  author = {Tomáš Podermański and Matěj Grégr},
  journal = {ROOT.CZ},
  title = {Bezpečné IPv6: když dojde keš},
  medium = {online},
  accessed = {2019-11-02},
  URL = {https://www.root.cz/clanky/bezpecne-ipv6-kdyz-dojde-kes/},
}

@misc{Podermanski532015,
  author = {Tomáš Podermański and Matěj Grégr},
  journal = {ROOT.CZ},
  title = {Bezpečné IPv6: trable s multicastem},
  medium = {online},
  accessed = {2019-11-02},
  URL = {https://www.root.cz/clanky/bezpecne-ipv6-trable-s-multicastem/},
}

@misc{Gregr2622015,
  author = {Matěj Grégr and Tomáš Podermański},
  journal = {ROOT.CZ},
  title = {Bezpečné IPv6: vícehlavý útočník},
  medium = {online},
  accessed = {2019-11-02},
  URL = {https://www.root.cz/clanky/bezpecne-ipv6-vicehlavy-utocnik/},
}

@misc{Podermanski1922015,
  author = {Tomáš Podermański and Matěj Grégr},
  journal = {ROOT.CZ},
  title = {Bezpečné IPv6: trable s hlavičkami},
  medium = {online},
  accessed = {2019-11-02},
  URL = {https://www.root.cz/clanky/bezpecne-ipv6-trable-s-hlavickami/},
}

@misc{Gregr522015,
  author = {Matěj Grégr and Tomáš Podermański},
  journal = {ROOT.CZ},
  title = {Bezpečné IPv6 : směrovač se hlásí},
  medium = {online},
  accessed = {2019-11-02},
  URL = {https://www.root.cz/clanky/bezpecne-ipv6-smerovac-se-hlasi/},
}

@misc{zXCpMaLbN1J7D1z2,
  journal = {Cisco},
  title = {IPv6 First-Hop Security Configuration Guide},
  address = {San Jose},
  medium = {online},
  accessed = {2019-11-02},
  URL = {https://www.cisco.com/c/en/us/td/docs/ios-xml/ios/ipv6_fhsec/configuration/15-1sg/ip6f-15-1sg-book.pdf},
}

@misc{Bouska2007,
  author = {Petr Bouška},
  title = {Cisco IOS 12 - IEEE 802.1x a pokročilejší funkce},
  medium = {online},
  accessed = {2019-11-02},
  URL = {https://www.samuraj-cz.com/clanek/cisco-ios-12-ieee-802-1x-a-pokrocilejsi-funkce/},
}

@misc{yDzYjF1hoACahpg1,
  author = {René Molenaar},
  journal = {NetworkLessons.com},
  title = {Cisco IOS features that you should disable or restrict},
  medium = {online},
  accessed = {2019-11-02},
  URL = {https://networklessons.com/uncategorized/cisco-ios-features-that-you-should-disable-or-restrict},
}

@misc{Bouska2009,
  author = {Petr Bouška},
  journal = {SAMURAJ-cz},
  title = {Cisco IOS 23 - Autentizace uživatele na switchi vůči Active Directory},
  medium = {online},
  accessed = {2019-11-02},
  URL = {https://www.samuraj-cz.com/clanek/cisco-ios-23-autentizace-uzivatele-na-switchi-vuci-active-directory/},
}

@misc{Barker2019,
  author = {Elaine Barker and Allen Roginsky},
  journal = {NIST},
  title = {Transitioning the Use of Cryptographic Algorithms and Key Lengths},
  medium = {online},
  accessed = {2019-11-02},
  URL = {https://nvlpubs.nist.gov/nistpubs/SpecialPublications/NIST.SP.800-131Ar2.pdf},
}

@misc{o31nYG4kn98wWNRS,
  author = {Erik Vyncke},
  journal = {IETF},
  title = {ND on wireless links and/or with sleeping nodes},
  medium = {online},
  accessed = {2019-11-02},
  URL = {https://www.ietf.org/proceedings/89/slides/slides-89-v6ops-3.pdf},
}

@misc{DrTLsgXv24lxeIIM,
  journal = {Center For Internet Security},
  title = {CIS Cisco IOS 15 Benchmark},
  medium = {online},
  accessed = {2019-11-02},
  URL = {https://www.cisecurity.org/benchmark/cisco/},
}

@misc{Singh2018,
  author = {Shashank Singh},
  journal = {Cisco},
  title = {Cisco Guide to Harden Cisco IOS Devices},
  medium = {online},
  accessed = {2019-11-02},
  URL = {https://www.cisco.com/c/en/us/support/docs/ip/access-lists/13608-21.html},
}

@misc{Graesser2001,
  author = {Dana Graesser},
  journal = {SANS Institute},
  title = {Cisco Router Hardening Step-by-Step},
  medium = {online},
  accessed = {2019-11-02},
  URL = {https://www.sans.org/reading-room/whitepapers/firewalls/paper/794},
}

@misc{Pilihanto2012,
  author = {Atik Pilihanto},
  journal = {SANS Institute},
  title = {A Complete Guide on IPv6 Attack and Defense},
  publisher = {SANS Institute},
  medium = {online},
  accessed = {2019-11-02},
  URL = {https://www.sans.org/reading-room/whitepapers/detection/paper/33904},
}

@misc{Rey2016,
  author = {Enno Rey and Antonios Atlasis and Jayson Salazar},
  journal = {RIPE NCC},
  title = {MLD Considered Harmful},
  medium = {online},
  accessed = {2019-11-02},
  URL = {https://ripe72.ripe.net/presentations/74-ERNW_RIPE72_MLD_Considered_Harmful_v1_light_web.pdf},
}

@misc{Vyncke2012,
  author = {Erik Vyncke},
  journal = {Slidde Share},
  title = {IPv6 First Hop Security},
  subtitle = {the IPv6 version of DHCP snooping and dynamic ARP inspection},
  medium = {online},
  accessed = {2019-11-02},
  URL = {https://www.slideshare.net/IKTNorge/eric-vyncke-layer2-security-ipv6-norway},
}

@misc{77Eg8gGc0CKWfGBi,
  journal = {Cisco},
  title = {IPv6 First-Hop Security Configuration Guide},
  medium = {online},
  accessed = {2019-11-02},
  URL = {https://www.cisco.com/c/en/us/td/docs/ios-xml/ios/ipv6_fhsec/configuration/15-s/ip6f-15-s-book/ip6-snooping.html},
}

@inproceedings{Gregr2011,
  author = {Matej Gregr and Petr Matousek and Miroslav Sveda and Tomas Podermanski},
  booktitle = {12th IFIP/IEEE International Symposium on Integrated Network Management (IM 2011) and Workshops},
  title = {Practical IPv6 monitoring-challenges and techniques},
  publisher = {IEEE},
  year = {2011},
  pages = {650-653},
  ISBN = {978-1-4244-9219-0},
  DOI = {10.1109/INM.2011.5990647},
  URL = {http://ieeexplore.ieee.org/document/5990647/},
}

@misc{1xYhFLUJF9lmHMC0,
  author = {Tomáš Podermański and Matějj Grégr},
  title = {Deploying IPv6 - practical problems from the campus perspective},
  medium = {online},
  accessed = {2019-11-02},
}

@misc{Martin2016,
  author = {Tim Martin},
  journal = {SlideShare},
  title = {IPv6 Sys Admin Style},
  medium = {online},
  accessed = {2019-11-02},
  URL = {https://www.slideshare.net/tjmartin2020/ipv6-sysadmins-63071235},
}

@misc{uYLsMtQInofenpV3,
  journal = {CIsco},
  title = {Cisco SAFE Reference Guide},
  address = {San Jose, CA},
  medium = {online},
  accessed = {2019-11-02},
  URL = {https://www.cisco.com/c/en/us/td/docs/solutions/Enterprise/Security/SAFE_RG/SAFE_rg.pdf},
}

@misc{JnCqiekTXFe2KIyx,
  journal = {Cisco},
  title = {SAFE Overview Guide},
  subtitle = {Threats, Capabilities, and the Security Reference Architecture},
  medium = {online},
  accessed = {2019-11-02},
  URL = {https://www.cisco.com/c/dam/en/us/solutions/collateral/enterprise/design-zone-security/safe-overview-guide.pdf},
}

@book{Jackson2010,
  author = {Chris Jackson},
  title = {Network security auditing},
  publisher = {Cisco Press},
  address = {Indianapolis, IN},
  year = {2010},
  ISBN = {978-1-58705-352-8},
}

@book{Akin2002,
  author = {Thomas Akin},
  title = {Hardening Cisco routers},
  publisher = {O'Reilly},
  address = {Sebastopol},
  year = {2002},
  ISBN = {05-960-0166-5},
}

@book{McMillan2018,
  author = {Troy McMillan},
  title = {CCNA security study guide},
  subtitle = {exam 210-260},
  publisher = {Sybex, a Wiley Brand},
  address = {Indianapolis, Indiana},
  year = {2018},
  edition = {1. vyd},
  ISBN = {978-111-9409-939},
}

@book{Vyncke2008,
  author = {Eric Vyncke and Christopher Paggen},
  title = {LAN switch security},
  subtitle = {What hackers know about your switches},
  publisher = {Cisco Press},
  address = {Indianapolis, IN},
  year = {2008},
  ISBN = {:978-1-58705-256-9},
}

@book{Hucaby2010,
  author = {Dave Hucaby and Steve McQuerry and Andrew Whitaker and Dave Hucaby},
  title = {Cisco router configuration handbook},
  publisher = {Cisco Press},
  address = {Indianapolis, IN},
  year = {2010},
  edition = {2nd ed},
  ISBN = {978-1-58714-116-4},
}

@book{Satrapa2019,
  author = {Pavel Satrapa},
  title = {IPv6},
  subtitle = {internetový protokol verze 6},
  publisher = {CZ.NIC, z.s.p.o.},
  address = {Praha},
  year = {2019},
  edition = {4. aktualizované a rozšířené vydání},
  ISBN = {978-808-8168-430},
}

@book{Stallings2011,
  author = {William Stallings},
  title = {Network security essentials},
  subtitle = {applications and standards},
  publisher = {Prentice Hall},
  address = {Boston},
  year = {2011},
  edition = {4th ed},
  ISBN = {978-0-13-610805-4},
}

